
    <zs:record>
      <zs:recordSchema/>
      <zs:recordPacking>xml</zs:recordPacking>
      <zs:recordData>
        <record xmlns="http://www.loc.gov/MARC21/slim">
          <leader>01596ckm a22003977a 4500</leader>
          <controlfield tag="001">13327617</controlfield>
          <controlfield tag="005">20040109091826.0</controlfield>
          <controlfield tag="007">kj bo|</controlfield>
          <controlfield tag="007">cr |||||||||||</controlfield>
          <controlfield tag="008">030828s1884    nyunnn            kneng  </controlfield>
          <datafield tag="906" ind1=" " ind2=" ">
            <subfield code="a">7</subfield>
            <subfield code="b">cbc</subfield>
            <subfield code="c">orignew</subfield>
            <subfield code="d">u</subfield>
            <subfield code="e">ncip</subfield>
            <subfield code="f">20</subfield>
            <subfield code="g">y-printpho</subfield>
          </datafield>
          <datafield tag="955" ind1=" " ind2=" ">
            <subfield code="a">qw44 2003-08</subfield>
          </datafield>
          <datafield tag="010" ind1=" " ind2=" ">
            <subfield code="a">  2003675414</subfield>
          </datafield>
          <datafield tag="037" ind1=" " ind2=" ">
            <subfield code="a">LC-USZ62-133430</subfield>
            <subfield code="b">DLC</subfield>
            <subfield code="c">(b&amp;w film copy neg.)</subfield>
          </datafield>
          <datafield tag="040" ind1=" " ind2=" ">
            <subfield code="a">DLC</subfield>
            <subfield code="c">DLC</subfield>
            <subfield code="e">gihc</subfield>
          </datafield>
          <datafield tag="050" ind1="0" ind2="0">
            <subfield code="a">Illus. in AP2.H32 1884</subfield>
          </datafield>
          <datafield tag="245" ind1="0" ind2="0">
            <subfield code="a">Toilers of the plains</subfield>
            <subfield code="h">[graphic] /</subfield>
            <subfield code="c">drawn by F.H. [i.e., H.F.] Farny.</subfield>
          </datafield>
          <datafield tag="260" ind1=" " ind2=" ">
            <subfield code="c">1884 June 21.</subfield>
          </datafield>
          <datafield tag="300" ind1=" " ind2=" ">
            <subfield code="a">1 print :</subfield>
            <subfield code="b">wood engraving.</subfield>
          </datafield>
          <datafield tag="520" ind1="0" ind2=" ">
            <subfield code="a">Print shows Native women gathering wood on the Plains.</subfield>
          </datafield>
          <datafield tag="540" ind1=" " ind2=" ">
            <subfield code="a">No known restrictions on publication.</subfield>
          </datafield>
          <datafield tag="500" ind1=" " ind2=" ">
            <subfield code="a">Title from item.</subfield>
          </datafield>
          <datafield tag="500" ind1=" " ind2=" ">
            <subfield code="a">Illus. in: Harper's weekly, v. 28, no. 1435 (1884 June 21), p. 393.</subfield>
          </datafield>
          <datafield tag="500" ind1=" " ind2=" ">
            <subfield code="a">Signed on block: Farny.</subfield>
          </datafield>
          <datafield tag="650" ind1=" " ind2="4">
            <subfield code="a">Indians of North America</subfield>
            <subfield code="x">Subsistence activities</subfield>
            <subfield code="z">Great Plains</subfield>
            <subfield code="y">1880-1890.</subfield>
          </datafield>
          <datafield tag="650" ind1=" " ind2="4">
            <subfield code="a">Indians of North America</subfield>
            <subfield code="x">Women</subfield>
            <subfield code="z">Great Plains</subfield>
            <subfield code="y">1880-1890.</subfield>
          </datafield>
          <datafield tag="650" ind1=" " ind2="7">
            <subfield code="a">Fuelwood gathering</subfield>
            <subfield code="z">Great Plains</subfield>
            <subfield code="y">1880-1890.</subfield>
            <subfield code="2">lctgm</subfield>
          </datafield>
          <datafield tag="650" ind1=" " ind2="7">
            <subfield code="a">Indian encampments</subfield>
            <subfield code="y">1880-1890.</subfield>
            <subfield code="2">lctgm</subfield>
          </datafield>
          <datafield tag="655" ind1=" " ind2="7">
            <subfield code="a">Periodical illustrations</subfield>
            <subfield code="y">1880-1890.</subfield>
            <subfield code="2">gmgpc</subfield>
          </datafield>
          <datafield tag="655" ind1=" " ind2="7">
            <subfield code="a">Wood engravings</subfield>
            <subfield code="y">1880-1890.</subfield>
            <subfield code="2">gmgpc</subfield>
          </datafield>
          <datafield tag="700" ind1="1" ind2=" ">
            <subfield code="a">Farny, Henry François,</subfield>
            <subfield code="d">1847-1916,</subfield>
            <subfield code="e">artist.</subfield>
          </datafield>
          <datafield tag="852" ind1=" " ind2=" ">
            <subfield code="a">Library of Congress</subfield>
            <subfield code="b">Prints and Photographs Division</subfield>
            <subfield code="e">Washington, D.C. 20540 USA</subfield>
            <subfield code="n">dcu</subfield>
          </datafield>
          <datafield tag="856" ind1="4" ind2="1">
            <subfield code="3">b&amp;w film copy neg.</subfield>
            <subfield code="d">cph</subfield>
            <subfield code="f">3c33430</subfield>
            <subfield code="u">http://hdl.loc.gov/loc.pnp/cph.3c33430</subfield>
          </datafield>
          <datafield tag="985" ind1=" " ind2=" ">
            <subfield code="a">pp/cph</subfield>
          </datafield>
          <datafield tag="985" ind1=" " ind2=" ">
            <subfield code="a">pp/diof</subfield>
          </datafield>
          <datafield tag="991" ind1=" " ind2=" ">
            <subfield code="b">c-P&amp;P</subfield>
            <subfield code="m">(Case Y)</subfield>
            <subfield code="v">obj.</subfield>
          </datafield>
        </record>
      </zs:recordData>
      <zs:recordPosition>8</zs:recordPosition>
    </zs:record>