
    <zs:record>
      <zs:recordSchema/>
      <zs:recordPacking>xml</zs:recordPacking>
      <zs:recordData>
        <record xmlns="http://www.loc.gov/MARC21/slim">
          <leader>03123ckm a22005777a 4500</leader>
          <controlfield tag="001">14330150</controlfield>
          <controlfield tag="005">20190422150018.0</controlfield>
          <controlfield tag="007">kj coo</controlfield>
          <controlfield tag="007">cr |||||||||||</controlfield>
          <controlfield tag="007">kj bog</controlfield>
          <controlfield tag="008">060405s1873    ohunnn            kneng  </controlfield>
          <datafield tag="906" ind1=" " ind2=" ">
            <subfield code="a">0</subfield>
            <subfield code="b">ibc</subfield>
            <subfield code="c">orignew</subfield>
            <subfield code="d">u</subfield>
            <subfield code="e">ncip</subfield>
            <subfield code="f">20</subfield>
            <subfield code="g">y-printpho</subfield>
          </datafield>
          <datafield tag="955" ind1=" " ind2=" ">
            <subfield code="a">qw44 2006-04; qw30 2019-04r</subfield>
          </datafield>
          <datafield tag="010" ind1=" " ind2=" ">
            <subfield code="a">  2006681066</subfield>
          </datafield>
          <datafield tag="017" ind1=" " ind2=" ">
            <subfield code="a">5999D</subfield>
            <subfield code="b">U.S. Copyright Office.</subfield>
          </datafield>
          <datafield tag="037" ind1=" " ind2=" ">
            <subfield code="a">LC-DIG-pga-03169</subfield>
            <subfield code="b">DLC</subfield>
            <subfield code="c">(digital file from original print, color)</subfield>
          </datafield>
          <datafield tag="037" ind1=" " ind2=" ">
            <subfield code="a">LC-DIG-pga-01145</subfield>
            <subfield code="b">DLC</subfield>
            <subfield code="c">(digital file from original print, b&amp;w)</subfield>
          </datafield>
          <datafield tag="037" ind1=" " ind2=" ">
            <subfield code="a">LC-USZC4-1276</subfield>
            <subfield code="b">DLC</subfield>
            <subfield code="c">(color film copy transparency of color print)</subfield>
          </datafield>
          <datafield tag="037" ind1=" " ind2=" ">
            <subfield code="a">LC-USZ62-1056</subfield>
            <subfield code="b">DLC</subfield>
            <subfield code="c">(b&amp;w film copy neg. of another b&amp;w print)</subfield>
          </datafield>
          <datafield tag="040" ind1=" " ind2=" ">
            <subfield code="a">DLC</subfield>
            <subfield code="b">eng</subfield>
            <subfield code="e">dcrmg</subfield>
            <subfield code="c">DLC</subfield>
          </datafield>
          <datafield tag="050" ind1="0" ind2="0">
            <subfield code="a">PGA - Ehrgott &amp; Krebs--Pork packing ...</subfield>
          </datafield>
          <datafield tag="051" ind1=" " ind2=" ">
            <subfield code="a">PGA - Ehrgott &amp; Krebs--Pork packing ...</subfield>
            <subfield code="c">Another impression, b&amp;w, lacking title.</subfield>
          </datafield>
          <datafield tag="100" ind1="1" ind2=" ">
            <subfield code="a">Farny, Henry François,</subfield>
            <subfield code="d">1847-1916,</subfield>
            <subfield code="e">artist.</subfield>
          </datafield>
          <datafield tag="245" ind1="1" ind2="0">
            <subfield code="a">Pork packing in Cincinnati</subfield>
            <subfield code="h">[graphic] /</subfield>
            <subfield code="c">H. F. Farny del. ;  AF[?]  C.</subfield>
          </datafield>
          <datafield tag="260" ind1=" " ind2=" ">
            <subfield code="a">Cincinnati, O. :</subfield>
            <subfield code="b">Chromo lith. and published by Ehrgott &amp; Krebs,</subfield>
            <subfield code="c">c1873.</subfield>
          </datafield>
          <datafield tag="300" ind1=" " ind2=" ">
            <subfield code="a">1 print :</subfield>
            <subfield code="b">chromolithograph ;</subfield>
            <subfield code="c">(sheet) 67.2 x 95.2 cm, (mount) 68.5 x 97 cm.</subfield>
          </datafield>
          <datafield tag="336" ind1=" " ind2=" ">
            <subfield code="a">still image</subfield>
            <subfield code="b">sti</subfield>
            <subfield code="2">rdacontent</subfield>
          </datafield>
          <datafield tag="337" ind1=" " ind2=" ">
            <subfield code="a">unmediated</subfield>
            <subfield code="b">n</subfield>
            <subfield code="2">rdamedia</subfield>
          </datafield>
          <datafield tag="338" ind1=" " ind2=" ">
            <subfield code="a">sheet</subfield>
            <subfield code="b">nb</subfield>
            <subfield code="2">rdacarrier</subfield>
          </datafield>
          <datafield tag="520" ind1="0" ind2=" ">
            <subfield code="a">Print showing four scenes in a packing house: "Killing, Cutting, Rendering, [and] Salting."</subfield>
          </datafield>
          <datafield tag="540" ind1=" " ind2=" ">
            <subfield code="a">No known restrictions on publication.</subfield>
          </datafield>
          <datafield tag="500" ind1=" " ind2=" ">
            <subfield code="a">Title from item.</subfield>
          </datafield>
          <datafield tag="500" ind1=" " ind2=" ">
            <subfield code="a">Chromo-lithograph of the cartoons exhibited by the Cincinnati Pork Packers' Association, at the International Exposition, at Vienna.</subfield>
          </datafield>
          <datafield tag="500" ind1=" " ind2=" ">
            <subfield code="a">Entered according to Act of Congress in the year 1873 by Ehrgott &amp; Krebs in the Office of the Librarian of Congress at Washington, D.C.</subfield>
          </datafield>
          <datafield tag="500" ind1=" " ind2=" ">
            <subfield code="a">Library has two impressions, one color and b&amp;w.</subfield>
            <subfield code="5">DLC</subfield>
          </datafield>
          <datafield tag="500" ind1=" " ind2=" ">
            <subfield code="a">B&amp;w impressions were submitted for copyright ; both lack title.</subfield>
            <subfield code="5">DLC</subfield>
          </datafield>
          <datafield tag="585" ind1=" " ind2=" ">
            <subfield code="a">Exhibited: "Accelerate! How Cars Shaped the Modern World" at the Victoria and Albert Museum, Cromwell Road, London SW7 2RL, October 5, 2019 - March 20, 2020.</subfield>
          </datafield>
          <datafield tag="650" ind1=" " ind2="7">
            <subfield code="a">Pork</subfield>
            <subfield code="y">1870-1880.</subfield>
            <subfield code="2">lctgm</subfield>
          </datafield>
          <datafield tag="650" ind1=" " ind2="7">
            <subfield code="a">Packing plants</subfield>
            <subfield code="y">1870-1880.</subfield>
            <subfield code="2">lctgm</subfield>
          </datafield>
          <datafield tag="650" ind1=" " ind2="7">
            <subfield code="a">Meat industry</subfield>
            <subfield code="y">1870-1880.</subfield>
            <subfield code="2">lctgm</subfield>
          </datafield>
          <datafield tag="655" ind1=" " ind2="7">
            <subfield code="a">Chromolithographs</subfield>
            <subfield code="x">Color</subfield>
            <subfield code="y">1870-1880.</subfield>
            <subfield code="2">gmgpc</subfield>
          </datafield>
          <datafield tag="710" ind1="2" ind2=" ">
            <subfield code="a">Ehrgott &amp; Krebs.</subfield>
          </datafield>
          <datafield tag="852" ind1=" " ind2=" ">
            <subfield code="a">Library of Congress</subfield>
            <subfield code="b">Prints and Photographs Division</subfield>
            <subfield code="e">Washington, D.C. 20540 USA</subfield>
            <subfield code="n">dcu</subfield>
            <subfield code="u">http://hdl.loc.gov/loc.pnp/pp.print</subfield>
          </datafield>
          <datafield tag="856" ind1="4" ind2="1">
            <subfield code="3">digital file from original print, color</subfield>
            <subfield code="d">pga</subfield>
            <subfield code="f">03169</subfield>
            <subfield code="q">p</subfield>
            <subfield code="u">http://hdl.loc.gov/loc.pnp/pga.03169</subfield>
          </datafield>
          <datafield tag="856" ind1="4" ind2="1">
            <subfield code="3">digital file from original print, b&amp;w</subfield>
            <subfield code="d">pga</subfield>
            <subfield code="f">01145</subfield>
            <subfield code="q">p</subfield>
            <subfield code="u">http://hdl.loc.gov/loc.pnp/pga.01145</subfield>
          </datafield>
          <datafield tag="856" ind1="4" ind2="1">
            <subfield code="3">digital file from color film copy transparency of color print</subfield>
            <subfield code="d">cph</subfield>
            <subfield code="f">3b52782</subfield>
            <subfield code="q">p</subfield>
            <subfield code="u">http://hdl.loc.gov/loc.pnp/cph.3b52782</subfield>
          </datafield>
          <datafield tag="856" ind1="4" ind2="1">
            <subfield code="3">digital file from b&amp;w film copy neg. of another b&amp;w print</subfield>
            <subfield code="d">cph</subfield>
            <subfield code="f">3a04923</subfield>
            <subfield code="q">p</subfield>
            <subfield code="u">http://hdl.loc.gov/loc.pnp/cph.3a04923</subfield>
          </datafield>
          <datafield tag="985" ind1=" " ind2=" ">
            <subfield code="a">pp/pga</subfield>
          </datafield>
          <datafield tag="985" ind1=" " ind2=" ">
            <subfield code="a">pp/exh</subfield>
            <subfield code="e">L5186 #1</subfield>
          </datafield>
          <datafield tag="985" ind1=" " ind2=" ">
            <subfield code="a">pp/diof</subfield>
          </datafield>
          <datafield tag="991" ind1=" " ind2=" ">
            <subfield code="b">c-P&amp;P</subfield>
            <subfield code="m">(D size)</subfield>
          </datafield>
        </record>
      </zs:recordData>
      <zs:recordPosition>17</zs:recordPosition>
    </zs:record>