
    <zs:record>
      <zs:recordSchema/>
      <zs:recordPacking>xml</zs:recordPacking>
      <zs:recordData>
        <record xmlns="http://www.loc.gov/MARC21/slim">
          <leader>01435cam a2200337 a 4500</leader>
          <controlfield tag="001">2429183</controlfield>
          <controlfield tag="005">20130412133503.0</controlfield>
          <controlfield tag="008">880815s1986    fr af    b    000 0 fre  </controlfield>
          <datafield tag="906" ind1=" " ind2=" ">
            <subfield code="a">7</subfield>
            <subfield code="b">cbc</subfield>
            <subfield code="c">orignew</subfield>
            <subfield code="d">4</subfield>
            <subfield code="e">ncip</subfield>
            <subfield code="f">19</subfield>
            <subfield code="g">y-gencatlg</subfield>
          </datafield>
          <datafield tag="010" ind1=" " ind2=" ">
            <subfield code="a">   87165901 </subfield>
          </datafield>
          <datafield tag="020" ind1=" " ind2=" ">
            <subfield code="a">2070707814 :</subfield>
            <subfield code="c">150F</subfield>
          </datafield>
          <datafield tag="035" ind1=" " ind2=" ">
            <subfield code="9">(DLC)   87165901</subfield>
          </datafield>
          <datafield tag="040" ind1=" " ind2=" ">
            <subfield code="a">DLC</subfield>
            <subfield code="c">DLC</subfield>
            <subfield code="d">DLC</subfield>
          </datafield>
          <datafield tag="050" ind1="0" ind2="0">
            <subfield code="a">PA4275.F8</subfield>
            <subfield code="b">P46 1986</subfield>
          </datafield>
          <datafield tag="082" ind1="0" ind2="0">
            <subfield code="a">884/.01</subfield>
            <subfield code="2">19</subfield>
          </datafield>
          <datafield tag="100" ind1="1" ind2=" ">
            <subfield code="a">Henry, Françoise E. E.</subfield>
          </datafield>
          <datafield tag="245" ind1="1" ind2="0">
            <subfield code="a">Saint-Leger Leger traducteur de Pindare /</subfield>
            <subfield code="c">Françoise E.E. Henry.</subfield>
          </datafield>
          <datafield tag="260" ind1=" " ind2=" ">
            <subfield code="a">[Paris] :</subfield>
            <subfield code="b">Gallimard,</subfield>
            <subfield code="c">c1986.</subfield>
          </datafield>
          <datafield tag="300" ind1=" " ind2=" ">
            <subfield code="a">236 p., [11] p. of plates :</subfield>
            <subfield code="b">ill. ;</subfield>
            <subfield code="c">24 cm.</subfield>
          </datafield>
          <datafield tag="440" ind1=" " ind2="0">
            <subfield code="a">Publications de la Fondation Saint-John Perse</subfield>
          </datafield>
          <datafield tag="500" ind1=" " ind2=" ">
            <subfield code="a">Includes Greek text with French translation of part of the 1st Pythian ode and of the complete 3rd and 12th Pythian odes of Pindar.</subfield>
          </datafield>
          <datafield tag="504" ind1=" " ind2=" ">
            <subfield code="a">Includes bibliographical references.</subfield>
          </datafield>
          <datafield tag="600" ind1="0" ind2="0">
            <subfield code="a">Pindar</subfield>
            <subfield code="x">Translations into French</subfield>
            <subfield code="x">History and criticism.</subfield>
          </datafield>
          <datafield tag="600" ind1="2" ind2="0">
            <subfield code="a">Saint-John Perse,</subfield>
            <subfield code="d">1887-1975</subfield>
            <subfield code="x">Knowledge</subfield>
            <subfield code="x">Language and languages.</subfield>
          </datafield>
          <datafield tag="650" ind1=" " ind2="0">
            <subfield code="a">Greek language</subfield>
            <subfield code="x">Translating into French</subfield>
            <subfield code="x">History.</subfield>
          </datafield>
          <datafield tag="650" ind1=" " ind2="0">
            <subfield code="a">Laudatory poetry, Greek</subfield>
            <subfield code="v">Translations into French.</subfield>
          </datafield>
          <datafield tag="650" ind1=" " ind2="0">
            <subfield code="a">Athletics</subfield>
            <subfield code="z">Greece</subfield>
            <subfield code="v">Poetry.</subfield>
          </datafield>
          <datafield tag="650" ind1=" " ind2="0">
            <subfield code="a">Games</subfield>
            <subfield code="z">Greece</subfield>
            <subfield code="v">Poetry.</subfield>
          </datafield>
          <datafield tag="700" ind1="2" ind2=" ">
            <subfield code="a">Saint-John Perse,</subfield>
            <subfield code="d">1887-1975.</subfield>
          </datafield>
          <datafield tag="700" ind1="0" ind2="2">
            <subfield code="a">Pindar.</subfield>
            <subfield code="t">Pythian odes.</subfield>
            <subfield code="k">Selections.</subfield>
            <subfield code="l">French &amp; Greek.</subfield>
            <subfield code="f">1986.</subfield>
          </datafield>
          <datafield tag="991" ind1=" " ind2=" ">
            <subfield code="b">c-GenColl</subfield>
            <subfield code="h">PA4275.F8</subfield>
            <subfield code="i">P46 1986</subfield>
            <subfield code="p">00003571555</subfield>
            <subfield code="t">Copy 1</subfield>
            <subfield code="w">BOOKS</subfield>
          </datafield>
        </record>
      </zs:recordData>
      <zs:recordPosition>39</zs:recordPosition>
    </zs:record>