
    <zs:record>
      <zs:recordSchema/>
      <zs:recordPacking>xml</zs:recordPacking>
      <zs:recordData>
        <record xmlns="http://www.loc.gov/MARC21/slim">
          <leader>01602cam a2200313 a 4500</leader>
          <controlfield tag="001">9616023</controlfield>
          <controlfield tag="005">20181203135901.0</controlfield>
          <controlfield tag="008">831116s1730    fr af         000 0 fre  </controlfield>
          <datafield tag="906" ind1=" " ind2=" ">
            <subfield code="a">7</subfield>
            <subfield code="b">cbc</subfield>
            <subfield code="c">premver</subfield>
            <subfield code="d">1</subfield>
            <subfield code="e">ncip</subfield>
            <subfield code="f">19</subfield>
            <subfield code="g">y-genrareb</subfield>
          </datafield>
          <datafield tag="955" ind1=" " ind2=" ">
            <subfield code="a">he19 2018-11-09</subfield>
            <subfield code="i">he19 2018-11-09 NEW INPUT</subfield>
          </datafield>
          <datafield tag="010" ind1=" " ind2=" ">
            <subfield code="a">   07004603 </subfield>
          </datafield>
          <datafield tag="040" ind1=" " ind2=" ">
            <subfield code="a">DLC</subfield>
            <subfield code="b">eng</subfield>
            <subfield code="c">DLC</subfield>
            <subfield code="d">DLC</subfield>
            <subfield code="e">dcrmb</subfield>
          </datafield>
          <datafield tag="050" ind1="0" ind2="0">
            <subfield code="a">RD581</subfield>
            <subfield code="b">.L47</subfield>
          </datafield>
          <datafield tag="100" ind1="1" ind2=" ">
            <subfield code="a">Le Dran, Henry-François,</subfield>
            <subfield code="d">1685-1770,</subfield>
            <subfield code="e">author.</subfield>
          </datafield>
          <datafield tag="245" ind1="1" ind2="0">
            <subfield code="a">Parallele des differentes manieres de tirer la pierre hors de la vessie /</subfield>
            <subfield code="c">par Henry-François Le Dran, de la Societé académique des arts, chirurgien juré à Paris, ancien prévôt de sa communauté, &amp; ancien chirurgien major de l'Hôpital de la charité, demonstrateur en anatomie dans le même hôpital.</subfield>
          </datafield>
          <datafield tag="260" ind1=" " ind2=" ">
            <subfield code="a">A Paris :</subfield>
            <subfield code="b">Chez Charles Osmont, imprimeur-libraire, ruë Saint Jacques, à l'Olivier,</subfield>
            <subfield code="c">MDCCXXX [1730]</subfield>
          </datafield>
          <datafield tag="300" ind1=" " ind2=" ">
            <subfield code="a">[2], vij, [3], 195, [5] p., [5] folded leaves of plates :</subfield>
            <subfield code="b">ill. (engravings) ;</subfield>
            <subfield code="c">21 cm. (8vo)</subfield>
          </datafield>
          <datafield tag="500" ind1=" " ind2=" ">
            <subfield code="a">Two plates signed: Devaulx sculp.</subfield>
          </datafield>
          <datafield tag="500" ind1=" " ind2=" ">
            <subfield code="a">Signatures: a⁶ A-M⁸ N⁴.</subfield>
          </datafield>
          <datafield tag="500" ind1=" " ind2=" ">
            <subfield code="a">Head- and tail-pieces and initials.</subfield>
          </datafield>
          <datafield tag="561" ind1=" " ind2=" ">
            <subfield code="a">LC copy has logo of Camperdown Library in gilt on front board.</subfield>
            <subfield code="5">DLC</subfield>
          </datafield>
          <datafield tag="650" ind1=" " ind2="0">
            <subfield code="a">Lithotomy</subfield>
            <subfield code="v">Early works to 1800.</subfield>
          </datafield>
          <datafield tag="700" ind1="1" ind2=" ">
            <subfield code="a">Osmont, Charles,</subfield>
            <subfield code="e">bookseller.</subfield>
          </datafield>
          <datafield tag="710" ind1="2" ind2=" ">
            <subfield code="a">Pre-1801 Imprint Collection (Library of Congress)</subfield>
            <subfield code="5">DLC</subfield>
          </datafield>
          <datafield tag="984" ind1=" " ind2=" ">
            <subfield code="a">gsl</subfield>
            <subfield code="d">2018-11-29</subfield>
          </datafield>
          <datafield tag="985" ind1=" " ind2=" ">
            <subfield code="a">BibframePilot2</subfield>
            <subfield code="e">20181109</subfield>
          </datafield>
          <datafield tag="985" ind1=" " ind2=" ">
            <subfield code="e">OCLC REPLACEMENT cdsdistr</subfield>
          </datafield>
          <datafield tag="985" ind1=" " ind2=" ">
            <subfield code="a">rarebk/pre1801</subfield>
            <subfield code="e">rbc cdsdistr</subfield>
          </datafield>
          <datafield tag="991" ind1=" " ind2=" ">
            <subfield code="b">c-RareBook</subfield>
            <subfield code="h">RD581</subfield>
            <subfield code="i">.L47</subfield>
            <subfield code="t">Copy 1</subfield>
            <subfield code="m">Pre-1801 Coll</subfield>
            <subfield code="w">OCLCREP</subfield>
          </datafield>
        </record>
      </zs:recordData>
      <zs:recordPosition>48</zs:recordPosition>
    </zs:record>