
    <zs:record>
      <zs:recordSchema/>
      <zs:recordPacking>xml</zs:recordPacking>
      <zs:recordData>
        <record xmlns="http://www.loc.gov/MARC21/slim">
          <leader>01667cas a22003611  4500</leader>
          <controlfield tag="001">11434311</controlfield>
          <controlfield tag="005">20231217151737.0</controlfield>
          <controlfield tag="007">hd afb---baca</controlfield>
          <controlfield tag="007">hd bfb---baaa</controlfield>
          <controlfield tag="008">951004u1uuuuuuufr uu   a     0    0fre  </controlfield>
          <datafield tag="010" ind1=" " ind2=" ">
            <subfield code="a">sn 94095510 </subfield>
          </datafield>
          <datafield tag="035" ind1=" " ind2=" ">
            <subfield code="a">(OCoLC)ocm33239129 </subfield>
          </datafield>
          <datafield tag="040" ind1=" " ind2=" ">
            <subfield code="a">DLC</subfield>
            <subfield code="b">eng</subfield>
            <subfield code="c">RQM</subfield>
            <subfield code="d">OCLCQ</subfield>
            <subfield code="d">OCLCF</subfield>
            <subfield code="d">OCLCO</subfield>
            <subfield code="d">OCLCQ</subfield>
            <subfield code="d">OCLCL</subfield>
          </datafield>
          <datafield tag="042" ind1=" " ind2=" ">
            <subfield code="a">msc</subfield>
          </datafield>
          <datafield tag="043" ind1=" " ind2=" ">
            <subfield code="a">e-fr---</subfield>
          </datafield>
          <datafield tag="050" ind1="0" ind2="0">
            <subfield code="a">Microfilm 38182</subfield>
          </datafield>
          <datafield tag="110" ind1="1" ind2=" ">
            <subfield code="a">Mayenne (France : Department).</subfield>
            <subfield code="b">Asile d'aliénés de la Roche-Gandon, Mayenne.</subfield>
          </datafield>
          <datafield tag="245" ind1="1" ind2="0">
            <subfield code="a">Rapport.</subfield>
          </datafield>
          <datafield tag="246" ind1="1" ind2=" ">
            <subfield code="i">Full title: 1869- Asile départemental d'aliénés de la Roche-Gandon (Mayenne) Exercice 1869:</subfield>
            <subfield code="a">Rapport sur le service de l'Asile public d'aliénés de la Roche-Gandon, adressé à M. le prêfet de la Mayenne par le docteur Henry Bonnet ... Compte-rendu moral, administratif et rapport médical</subfield>
          </datafield>
          <datafield tag="260" ind1=" " ind2=" ">
            <subfield code="a">Mayenne.</subfield>
          </datafield>
          <datafield tag="300" ind1=" " ind2=" ">
            <subfield code="a">volumes</subfield>
            <subfield code="b">folded tables</subfield>
            <subfield code="c">23 cm</subfield>
          </datafield>
          <datafield tag="336" ind1=" " ind2=" ">
            <subfield code="a">text</subfield>
            <subfield code="b">txt</subfield>
            <subfield code="2">rdacontent</subfield>
          </datafield>
          <datafield tag="337" ind1=" " ind2=" ">
            <subfield code="a">microform</subfield>
            <subfield code="b">h</subfield>
            <subfield code="2">rdamedia</subfield>
          </datafield>
          <datafield tag="338" ind1=" " ind2=" ">
            <subfield code="a">microfilm reel</subfield>
            <subfield code="b">hd</subfield>
            <subfield code="2">rdacarrier</subfield>
          </datafield>
          <datafield tag="533" ind1=" " ind2=" ">
            <subfield code="a">Microfilm.</subfield>
            <subfield code="m">1869-1875:[Lacks 1871-1872]</subfield>
            <subfield code="b">Washington, D.C. :</subfield>
            <subfield code="c">Library of Congress Preservation Microfilming Program :</subfield>
            <subfield code="c">Available from Library of Congress Photoduplication Service.</subfield>
            <subfield code="e">microfilm reels ; 35 mm.</subfield>
          </datafield>
          <datafield tag="650" ind1=" " ind2="0">
            <subfield code="a">Asylums</subfield>
            <subfield code="z">France.</subfield>
          </datafield>
          <datafield tag="650" ind1=" " ind2="7">
            <subfield code="a">Asylums.</subfield>
            <subfield code="2">fast</subfield>
            <subfield code="0">(OCoLC)fst00819857</subfield>
          </datafield>
          <datafield tag="651" ind1=" " ind2="7">
            <subfield code="a">France.</subfield>
            <subfield code="2">fast</subfield>
            <subfield code="0">(OCoLC)fst01204289</subfield>
            <subfield code="1">https://id.oclc.org/worldcat/entity/E39PBJd8gD4vdtqQMdQHvYqbBP</subfield>
          </datafield>
          <datafield tag="700" ind1="1" ind2=" ">
            <subfield code="a">Bonnet, Henry François Auguste.</subfield>
          </datafield>
          <datafield tag="850" ind1=" " ind2=" ">
            <subfield code="a">DLC</subfield>
            <subfield code="a">DLC (master)</subfield>
          </datafield>
          <datafield tag="906" ind1=" " ind2=" ">
            <subfield code="a">7</subfield>
            <subfield code="b">cbc</subfield>
            <subfield code="c">serials</subfield>
            <subfield code="d">u</subfield>
            <subfield code="e">ncip</subfield>
            <subfield code="f">19</subfield>
            <subfield code="g">n-oclcserc</subfield>
          </datafield>
          <datafield tag="984" ind1=" " ind2=" ">
            <subfield code="a">srmf</subfield>
            <subfield code="d">2002-05-17</subfield>
          </datafield>
          <datafield tag="991" ind1=" " ind2=" ">
            <subfield code="b">c-MicRR</subfield>
            <subfield code="h">Microfilm 38182</subfield>
            <subfield code="w">SERIALS</subfield>
          </datafield>
        </record>
      </zs:recordData>
      <zs:recordPosition>50</zs:recordPosition>
    </zs:record>