
    <zs:record>
      <zs:recordSchema/>
      <zs:recordPacking>xml</zs:recordPacking>
      <zs:recordData>
        <record xmlns="http://www.loc.gov/MARC21/slim">
          <leader>01900cam a2200337 a 4500</leader>
          <controlfield tag="001">14952758</controlfield>
          <controlfield tag="005">20150415133728.0</controlfield>
          <controlfield tag="008">070803s2007    ohua     c    001 0 eng  </controlfield>
          <datafield tag="906" ind1=" " ind2=" ">
            <subfield code="a">7</subfield>
            <subfield code="b">cbc</subfield>
            <subfield code="c">orignew</subfield>
            <subfield code="d">1</subfield>
            <subfield code="e">ecip</subfield>
            <subfield code="f">20</subfield>
            <subfield code="g">y-gencatlg</subfield>
          </datafield>
          <datafield tag="925" ind1="0" ind2=" ">
            <subfield code="a">acquire</subfield>
            <subfield code="b">1 shelf copy</subfield>
            <subfield code="x">policy default</subfield>
          </datafield>
          <datafield tag="925" ind1="1" ind2=" ">
            <subfield code="a">acquire</subfield>
            <subfield code="b">2 shelf copies</subfield>
            <subfield code="x">policy default</subfield>
          </datafield>
          <datafield tag="955" ind1=" " ind2=" ">
            <subfield code="t">rc09 2009-06-16 c. 2 added</subfield>
            <subfield code="a">jk09 2007-08-03</subfield>
            <subfield code="a">aa17 2007-08-15</subfield>
            <subfield code="a">xe06 2009-05-20 2 copies rec'd., to CIP ver.</subfield>
            <subfield code="a">Barcode 00229942293 returned from bindery 2009-07-24</subfield>
            <subfield code="e">jk09 2007-08-03 to Dewey</subfield>
            <subfield code="f">rc09 2009-06-16</subfield>
            <subfield code="g">rc09 2009-06-16 to BCCD</subfield>
            <subfield code="i">jk09 2007-08-03</subfield>
          </datafield>
          <datafield tag="010" ind1=" " ind2=" ">
            <subfield code="a">  2007031998</subfield>
          </datafield>
          <datafield tag="020" ind1=" " ind2=" ">
            <subfield code="a">0931537320</subfield>
          </datafield>
          <datafield tag="040" ind1=" " ind2=" ">
            <subfield code="a">DLC</subfield>
            <subfield code="c">DLC</subfield>
            <subfield code="d">DLC</subfield>
          </datafield>
          <datafield tag="043" ind1=" " ind2=" ">
            <subfield code="a">n-usp--</subfield>
          </datafield>
          <datafield tag="050" ind1="0" ind2="0">
            <subfield code="a">ND237.F25</subfield>
            <subfield code="b">A4 2007</subfield>
          </datafield>
          <datafield tag="082" ind1="0" ind2="0">
            <subfield code="a">759.13</subfield>
            <subfield code="2">22</subfield>
          </datafield>
          <datafield tag="100" ind1="1" ind2=" ">
            <subfield code="a">Meyn, Susan L.,</subfield>
            <subfield code="d">1942-</subfield>
          </datafield>
          <datafield tag="245" ind1="1" ind2="0">
            <subfield code="a">Henry Farny paints the Far West /</subfield>
            <subfield code="c">written by Susan Labry Meyn ; organized and edited by Kristin L. Spangenberg ; with contributions by Cecile D. Mear, Julie Schimmel.</subfield>
          </datafield>
          <datafield tag="260" ind1=" " ind2=" ">
            <subfield code="a">Cincinnati :</subfield>
            <subfield code="b">Cincinnati Art Museum,</subfield>
            <subfield code="c">2007.</subfield>
          </datafield>
          <datafield tag="300" ind1=" " ind2=" ">
            <subfield code="a">144 p. :</subfield>
            <subfield code="b">ill. (chiefly col.) ;</subfield>
            <subfield code="c">29 cm.</subfield>
          </datafield>
          <datafield tag="500" ind1=" " ind2=" ">
            <subfield code="a">"Henry Farny paints the Far West is published to accompany the exhibition Vanishing frontiers, held at the Cincinnati Art Museum October 20, 2007, through January 20, 2008."</subfield>
          </datafield>
          <datafield tag="500" ind1=" " ind2=" ">
            <subfield code="a">Includes index.</subfield>
          </datafield>
          <datafield tag="505" ind1="0" ind2=" ">
            <subfield code="a">Images of the dispossessed / by Julie Schimmel -- The artist as Indian storyteller / by Susan Labry Meyn -- The artist's training and materials / by Cecile D. Mear -- Note to reader -- Catalogue commentaries / by Susan Labry Meyn -- Chronology.</subfield>
          </datafield>
          <datafield tag="600" ind1="1" ind2="0">
            <subfield code="a">Farny, Henry François,</subfield>
            <subfield code="d">1847-1916</subfield>
            <subfield code="v">Exhibitions.</subfield>
          </datafield>
          <datafield tag="651" ind1=" " ind2="0">
            <subfield code="a">West (U.S.)</subfield>
            <subfield code="v">In art</subfield>
            <subfield code="v">Exhibitions.</subfield>
          </datafield>
          <datafield tag="650" ind1=" " ind2="0">
            <subfield code="a">Indians in art</subfield>
            <subfield code="v">Exhibitions.</subfield>
          </datafield>
          <datafield tag="700" ind1="1" ind2=" ">
            <subfield code="a">Farny, Henry François,</subfield>
            <subfield code="d">1847-1916.</subfield>
          </datafield>
          <datafield tag="710" ind1="2" ind2=" ">
            <subfield code="a">Cincinnati Art Museum.</subfield>
          </datafield>
          <datafield tag="856" ind1="4" ind2="1">
            <subfield code="3">Table of contents only</subfield>
            <subfield code="u">http://www.loc.gov/catdir/toc/ecip0724/2007031998.html</subfield>
          </datafield>
        </record>
      </zs:recordData>
      <zs:recordPosition>51</zs:recordPosition>
    </zs:record>