
    <zs:record>
      <zs:recordSchema/>
      <zs:recordPacking>xml</zs:recordPacking>
      <zs:recordData>
        <record xmlns="http://www.loc.gov/MARC21/slim">
          <leader>01612ckm a22003617a 4500</leader>
          <controlfield tag="001">15969693</controlfield>
          <controlfield tag="005">20130604143026.0</controlfield>
          <controlfield tag="007">kj bo </controlfield>
          <controlfield tag="007">cr |||||||||||</controlfield>
          <controlfield tag="008">091102s1875    enknnn            kneng  </controlfield>
          <datafield tag="906" ind1=" " ind2=" ">
            <subfield code="a">7</subfield>
            <subfield code="b">cbc</subfield>
            <subfield code="c">orignew</subfield>
            <subfield code="d">u</subfield>
            <subfield code="e">ncip</subfield>
            <subfield code="f">20</subfield>
            <subfield code="g">y-printpho</subfield>
          </datafield>
          <datafield tag="955" ind1=" " ind2=" ">
            <subfield code="a">qw44 2009-11n</subfield>
          </datafield>
          <datafield tag="010" ind1=" " ind2=" ">
            <subfield code="a">  2009633691</subfield>
          </datafield>
          <datafield tag="037" ind1=" " ind2=" ">
            <subfield code="a">LC-DIG-pga-04089</subfield>
            <subfield code="b">DLC</subfield>
            <subfield code="c">(digital file from original print)</subfield>
          </datafield>
          <datafield tag="040" ind1=" " ind2=" ">
            <subfield code="a">DLC</subfield>
            <subfield code="e">gihc</subfield>
            <subfield code="c">DLC</subfield>
          </datafield>
          <datafield tag="050" ind1="0" ind2="0">
            <subfield code="a">PGA - Sanders--Napoleon's return ...</subfield>
          </datafield>
          <datafield tag="100" ind1="1" ind2=" ">
            <subfield code="a">Sanders, George,</subfield>
            <subfield code="d">active 1837-1866,</subfield>
            <subfield code="e">engraver.</subfield>
          </datafield>
          <datafield tag="245" ind1="1" ind2="0">
            <subfield code="a">Napoleon's return from the Island of Elba, March 7th 1815</subfield>
            <subfield code="h">[graphic] /</subfield>
            <subfield code="c">painted by Steuben ; engraved by Geo. Sanders.</subfield>
          </datafield>
          <datafield tag="260" ind1=" " ind2=" ">
            <subfield code="a">[London?] :</subfield>
            <subfield code="b">Printed by G. Dawe,</subfield>
            <subfield code="c">[1875?]</subfield>
          </datafield>
          <datafield tag="300" ind1=" " ind2=" ">
            <subfield code="a">1 print :</subfield>
            <subfield code="b">engraving on paper ;</subfield>
            <subfield code="c">on sheet 49.8 x 59.8 cm.</subfield>
          </datafield>
          <datafield tag="520" ind1="0" ind2=" ">
            <subfield code="a">Print showing Napoleon I greeting French soldiers and citizens after his escape from Elba.</subfield>
          </datafield>
          <datafield tag="540" ind1=" " ind2=" ">
            <subfield code="a">No known restrictions on publication.</subfield>
          </datafield>
          <datafield tag="500" ind1=" " ind2=" ">
            <subfield code="a">Title from item.</subfield>
          </datafield>
          <datafield tag="500" ind1=" " ind2=" ">
            <subfield code="a">Trimmed within plate mark.</subfield>
            <subfield code="5">DLC</subfield>
          </datafield>
          <datafield tag="600" ind1="0" ind2="0">
            <subfield code="a">Napoleon</subfield>
            <subfield code="b">I,</subfield>
            <subfield code="c">Emperor of the French,</subfield>
            <subfield code="d">1769-1821.</subfield>
          </datafield>
          <datafield tag="650" ind1=" " ind2="7">
            <subfield code="a">Soldiers</subfield>
            <subfield code="x">French</subfield>
            <subfield code="y">1810-1820.</subfield>
            <subfield code="2">lctgm</subfield>
          </datafield>
          <datafield tag="655" ind1=" " ind2="7">
            <subfield code="a">Mezzotints</subfield>
            <subfield code="x">British</subfield>
            <subfield code="y">1840-1880.</subfield>
            <subfield code="2">gmgpc</subfield>
          </datafield>
          <datafield tag="700" ind1="1" ind2=" ">
            <subfield code="a">Steuben, Charles Auguste Guillaume Henry François Louis de,</subfield>
            <subfield code="d">1788-1856,</subfield>
            <subfield code="e">artist.</subfield>
          </datafield>
          <datafield tag="852" ind1=" " ind2=" ">
            <subfield code="a">Library of Congress</subfield>
            <subfield code="b">Prints and Photographs Division</subfield>
            <subfield code="e">Washington, D.C. 20540 USA</subfield>
            <subfield code="n">dcu</subfield>
            <subfield code="u">http://hdl.loc.gov/loc.pnp/pp.print</subfield>
          </datafield>
          <datafield tag="856" ind1="4" ind2="1">
            <subfield code="3">digital file from original print</subfield>
            <subfield code="d">pga</subfield>
            <subfield code="f">04089</subfield>
            <subfield code="q">p</subfield>
            <subfield code="u">http://hdl.loc.gov/loc.pnp/pga.04089</subfield>
          </datafield>
          <datafield tag="985" ind1=" " ind2=" ">
            <subfield code="a">pp/pga</subfield>
          </datafield>
          <datafield tag="985" ind1=" " ind2=" ">
            <subfield code="a">pp/diof</subfield>
          </datafield>
          <datafield tag="991" ind1=" " ind2=" ">
            <subfield code="b">c-P&amp;P</subfield>
            <subfield code="m">(C size)</subfield>
          </datafield>
        </record>
      </zs:recordData>
      <zs:recordPosition>56</zs:recordPosition>
    </zs:record>